<record><leader>00000cas a2200000 i 4500</leader><controlfield tag="001">849514697</controlfield><controlfield tag="006">m     o  d        </controlfield><controlfield tag="007">cr |||||||||||</controlfield><controlfield tag="008">130619d18901890mtucr ne      0   a0eng  </controlfield><datafield ind1=" " ind2=" " tag="010"><subfield code="a">  2013218817</subfield></datafield><datafield ind1=" " ind2=" " tag="040"><subfield code="a">DLC</subfield><subfield code="b">eng</subfield><subfield code="e">rda</subfield><subfield code="c">DLC</subfield><subfield code="d">DLC</subfield><subfield code="d">OCLCF</subfield><subfield code="d">OCLCQ</subfield></datafield><datafield ind1="0" ind2=" " tag="022"><subfield code="a">2329-6526</subfield><subfield code="2">1</subfield></datafield><datafield ind1=" " ind2=" " tag="042"><subfield code="a">pcc</subfield><subfield code="a">nsdp</subfield></datafield><datafield ind1=" " ind2=" " tag="043"><subfield code="a">n-us-mt</subfield></datafield><datafield ind1="1" ind2="0" tag="050"><subfield code="a">ISSN RECORD</subfield></datafield><datafield ind1="0" ind2="0" tag="082"><subfield code="a">071</subfield><subfield code="2">23</subfield></datafield><datafield ind1="0" ind2=" " tag="130"><subfield code="a">Tribune (Great Falls, Mont. : Semiweekly : Online)</subfield></datafield><datafield ind1=" " ind2="4" tag="222"><subfield code="a">The tribune</subfield><subfield code="b">(Great Falls, Mont. Semiweekly. Online)</subfield></datafield><datafield ind1="1" ind2="4" tag="245"><subfield code="a">The tribune.</subfield></datafield><datafield ind1=" " ind2="1" tag="264"><subfield code="a">Great Falls, Montana :</subfield><subfield code="b">The Tribune Publishing Company,</subfield><subfield code="c">1890.</subfield></datafield><datafield ind1=" " ind2=" " tag="310"><subfield code="a">Semiweekly</subfield></datafield><datafield ind1=" " ind2=" " tag="336"><subfield code="a">text</subfield><subfield code="b">txt</subfield><subfield code="2">rdacontent</subfield></datafield><datafield ind1=" " ind2=" " tag="337"><subfield code="a">computer</subfield><subfield code="b">c</subfield><subfield code="2">rdamedia</subfield></datafield><datafield ind1=" " ind2=" " tag="338"><subfield code="a">online resource</subfield><subfield code="b">cr</subfield><subfield code="2">rdacarrier</subfield></datafield><datafield ind1="1" ind2=" " tag="362"><subfield code="a">Began with volume VI, number 49 (January 15, 1890); ceased with volume VI, number 120 (April 9, 1890).</subfield></datafield><datafield ind1=" " ind2=" " tag="588"><subfield code="a">Description based on print version record.</subfield></datafield><datafield ind1=" " ind2=" " tag="588"><subfield code="a">Latest issue consulted: Volume VI, number 120 (April 9, 1890) (Chroniclingamerica.loc.gov, viewed June 19, 2013).</subfield></datafield><datafield ind1=" " ind2="0" tag="651"><subfield code="a">Great Falls (Mont.)</subfield><subfield code="v">Newspapers.</subfield></datafield><datafield ind1=" " ind2="7" tag="651"><subfield code="a">Montana</subfield><subfield code="z">Great Falls.</subfield><subfield code="2">fast</subfield><subfield code="0">(OCoLC)fst01202832</subfield></datafield><datafield ind1=" " ind2="7" tag="655"><subfield code="a">Newspapers.</subfield><subfield code="2">fast</subfield><subfield code="0">(OCoLC)fst01423814</subfield></datafield><datafield ind1=" " ind2=" " tag="752"><subfield code="a">United States</subfield><subfield code="b">Montana</subfield><subfield code="c">Cascade</subfield><subfield code="d">Great Falls.</subfield></datafield><datafield ind1="0" ind2=" " tag="775"><subfield code="t">Tribune (Great Falls, Mont. : Daily : Online)</subfield></datafield><datafield ind1="0" ind2="8" tag="776"><subfield code="i">Originally issued in print:</subfield><subfield code="t">Tribune (Great Falls, Mont. : Semiweekly)</subfield><subfield code="x">2329-6518</subfield><subfield code="w">(DLC)sn 86075240</subfield><subfield code="w">(OCoLC)13782432</subfield></datafield><datafield ind1="0" ind2="0" tag="780"><subfield code="t">Great Falls tribune (Great Fall, Mont. : Semiweekly : Online)</subfield><subfield code="x">2329-647X</subfield><subfield code="w">(DLC)  2013218816</subfield><subfield code="w">(OCoLC)849507777</subfield></datafield><datafield ind1="0" ind2="0" tag="785"><subfield code="t">Semi-weekly tribune (Great Falls, Mont. : Online)</subfield><subfield code="x">2329-6569</subfield><subfield code="w">(DLC)  2013218818</subfield><subfield code="w">(OCoLC)849516357</subfield></datafield><datafield ind1="4" ind2="1" tag="856"><subfield code="u">http://chroniclingamerica.loc.gov/lccn/sn86075240/issues</subfield></datafield></record>